@book{LawyerDefinition,
  author    = {{\textthai{ธีระศักดิ์ สุโชตินันท์}}},
  title     = {{\textthai{คู่มือสอบตั๋วทนาย (ฉบับเรียนรู้ด้วยตัวเอง)}}},
  publisher = {{\textthai{ธีระศักดิ์ สุโชตินันท์}}},
  year      = {2563}
}

@misc{WhatIsKanban,
  author       = {Cartoon Tanaporn},
  title        = {{\textthai{Kanban Board คืออะไร? รู้จักสุดยอดเครื่องมือที่เข้ามาเปลี่ยนโลกการทำงาน. }}},
  howpublished = {จากเว็บไซต์ \url{https://thegrowthmaster.com/blog/kanban-board}},
  year         = {2565},
  note         = {[ออนไลน์; วันที่สืบค้น 11 พฤษจิกายน 2565]}
}

@misc{KanbanConcept,
  author       = {Wanchalerm Devinya},
  title        = {{\textthai{Kanban แนวคิดน่าใช้ในการทำงาน}}},
  howpublished = {จากเว็บไซต์ \url{https://www.glurgeek.com/education/concept-kanban/}},
  year         = {2559},
  note         = {[ออนไลน์; วันที่สืบค้น 11 พฤษจิกายน 2565]}
}

@misc{DatabaseDefinition,
  author       = {toppiiz spiiz},
  title        = {{\textthai{ระบบฐานข้อมูล (Database System) คือ ระบบที่รวบรวมข้อมูลต่าง ๆ ที่เกี่ยวข้องกันเข้าไว้ด้วยกันอย่างมีระบบ}}},
  howpublished = {จากเว็บไซต์ \url{https://www.glurgeek.com/education/%E0%B8%A3%E0%B8%B0%E0%B8%9A%E0%B8%9A%E0%B8%90%E0%B8%B2%E0%B8%99%E0%B8%82%E0%B9%89%E0%B8%AD%E0%B8%A1%E0%B8%B9%E0%B8%A5-database-system-%E0%B8%84%E0%B8%B7%E0%B8%AD-%E0%B8%A3%E0%B8%B0%E0%B8%9A%E0%B8%9A/}},
  year         = {2561},
  note         = {[ออนไลน์; วันที่สืบค้น 11 พฤษจิกายน 2565]}
}

@misc{SqlNoSql1,
  author       = {Suppawat K.},
  title        = {{\textthai{SQL vs NoSQL คืออะไร?}}},
  howpublished = {จากเว็บไซต์ \url{https://blog.cloudhm.co.th/sql-vs-nosql/#:~:text=RDBMS%20(Relational%20Database%20Management%20System)&text=%E0%B8%AD%E0%B8%87%E0%B8%84%E0%B9%8C%E0%B8%9B%E0%B8%A3%E0%B8%B0%E0%B8%81%E0%B8%AD%E0%B8%9A%E0%B8%82%E0%B8%AD%E0%B8%87%20Tables%20%E0%B8%88%E0%B8%B0%E0%B8%9B%E0%B8%A3%E0%B8%B0%E0%B8%81%E0%B8%AD%E0%B8%9A,%E0%B8%AD%E0%B8%A2%E0%B8%B9%E0%B9%88%2C%20%E0%B8%A7%E0%B8%B1%E0%B8%99%20%E0%B9%80%E0%B8%94%E0%B8%B7%E0%B8%AD%E0%B8%99%20%E0%B8%9B%E0%B8%B5%E0%B9%80%E0%B8%81%E0%B8%B4%E0%B8%94}},
  year         = {2563},
  note         = {[ออนไลน์; วันที่สืบค้น 11 พฤษจิกายน 2565]}
}

@misc{SqlNoSql2,
  author       = {Amazon Web Services},
  title        = {{\textthai{NoSQL คืออะไร}}},
  howpublished = {จากเว็บไซต์ \url{https://aws.amazon.com/th/nosql/}},
  year         = {2565},
  note         = {[ออนไลน์; วันที่สืบค้น 11 พฤษจิกายน 2565]}
}

@misc{InmemoryDatabase,
  author       = {Amazon Web Services},
  title        = {{What Is an In-Memory Database?}},
  howpublished = {จากเว็บไซต์ \url{https://aws.amazon.com/nosql/in-memory/}},
  year         = {2565},
  note         = {[ออนไลน์; วันที่สืบค้น 11 พฤษจิกายน 2565]}
}